@manual{lab2-manual,
    author = {Hui Hu},
    title = {Wind Tunnel Calibration},
    year = {2024},
    organization = {Iowa State University},
    url = {https://www.aere.iastate.edu/~huhui/teaching/2024-01S/AerE344/lab-instruction/AerE344L-Lab-02-instruction.pdf},
}
@online{lecture4-notes,
    author = {Hui Hu},
    title = {Lecture \#04 Pressure Measurement Techniques
and Instrumentation},
    year = {2024},
    url = {https://www.aere.iastate.edu/~huhui/teaching/2024-01S/AerE344/class-notes/AerE344-Lecture-04-Pressure-Instrument.pdf},
}